<record><leader>00000cas a22000007a 4500</leader><controlfield tag="001">1755063</controlfield><controlfield tag="008">751101d19391971mnuwr ne      0    0eng d</controlfield><datafield ind1=" " ind2=" " tag="010"><subfield code="a">sn 90059057 </subfield></datafield><datafield ind1=" " ind2=" " tag="040"><subfield code="a">MUL</subfield><subfield code="b">eng</subfield><subfield code="c">MUL</subfield><subfield code="d">MN#</subfield><subfield code="d">OCLCQ</subfield><subfield code="d">OCLCF</subfield><subfield code="d">OCLCO</subfield></datafield><datafield ind1=" " ind2=" " tag="042"><subfield code="a">msc</subfield></datafield><datafield ind1=" " ind2=" " tag="043"><subfield code="a">n-us-mn</subfield></datafield><datafield ind1=" " ind2=" " tag="052"><subfield code="a">4144</subfield><subfield code="b">K43</subfield></datafield><datafield ind1=" " ind2=" " tag="052"><subfield code="a">4143</subfield><subfield code="b">B3</subfield></datafield><datafield ind1="0" ind2="0" tag="245"><subfield code="a">Kelliher independent.</subfield></datafield><datafield ind1=" " ind2=" " tag="260"><subfield code="a">Kelliher, Beltrami County, Minn. :</subfield><subfield code="b">Pressley R. Watts,</subfield><subfield code="c">-1971.</subfield></datafield><datafield ind1=" " ind2=" " tag="300"><subfield code="a">v.</subfield></datafield><datafield ind1=" " ind2=" " tag="310"><subfield code="a">Weekly</subfield></datafield><datafield ind1="1" ind2=" " tag="362"><subfield code="a">Began in Feb. 1939.</subfield></datafield><datafield ind1="0" ind2=" " tag="362"><subfield code="a">-v. 34, no. 1 (Feb. 11, 1971).</subfield></datafield><datafield ind1=" " ind2=" " tag="530"><subfield code="a">Available on microfilm from the Minnesota Historical Society.</subfield></datafield><datafield ind1=" " ind2=" " tag="588"><subfield code="a">Description based on: Vol. 3, no. 15 (June 12, 1941).</subfield></datafield><datafield ind1=" " ind2="0" tag="651"><subfield code="a">Kelliher (Minn.)</subfield><subfield code="v">Newspapers.</subfield></datafield><datafield ind1=" " ind2="7" tag="655"><subfield code="a">Newspapers.</subfield><subfield code="2">fast</subfield><subfield code="0">(OCoLC)fst01423814</subfield></datafield><datafield ind1=" " ind2="7" tag="651"><subfield code="a">Minnesota</subfield><subfield code="z">Kelliher.</subfield><subfield code="2">fast</subfield><subfield code="0">(OCoLC)fst01254446</subfield></datafield><datafield ind1=" " ind2=" " tag="752"><subfield code="a">United States</subfield><subfield code="b">Minnesota</subfield><subfield code="c">Beltrami</subfield><subfield code="d">Kelliher.</subfield></datafield><datafield ind1="0" ind2="7" tag="785"><subfield code="t">Blackduck American</subfield><subfield code="w">(DLC)sn 90059082</subfield></datafield><datafield ind1="0" ind2="7" tag="785"><subfield code="t">Blackduck American and Kelliher independent</subfield><subfield code="w">(DLC)sn 90059081</subfield></datafield></record>